<record><leader>00000cas a22000007a 4500</leader><controlfield tag="001">36217810</controlfield><controlfield tag="008">970116u1944uuuuncuer ne      0    0eng d</controlfield><datafield ind1=" " ind2=" " tag="010"><subfield code="a">sn 97094215 </subfield></datafield><datafield ind1=" " ind2=" " tag="040"><subfield code="a">NVK</subfield><subfield code="b">eng</subfield><subfield code="c">NVK</subfield><subfield code="d">OCLCQ</subfield><subfield code="d">OCLCF</subfield><subfield code="d">OCLCO</subfield></datafield><datafield ind1="1" ind2=" " tag="029"><subfield code="a">AU@</subfield><subfield code="b">000013023848</subfield></datafield><datafield ind1=" " ind2=" " tag="042"><subfield code="a">msc</subfield></datafield><datafield ind1=" " ind2=" " tag="043"><subfield code="a">n-us-nc</subfield></datafield><datafield ind1="0" ind2="0" tag="245"><subfield code="a">Powder horn.</subfield></datafield><datafield ind1=" " ind2=" " tag="260"><subfield code="a">Fort Bragg, N.C. :</subfield><subfield code="b">399th Infantry Regiment of the 100th Division</subfield></datafield><datafield ind1=" " ind2=" " tag="300"><subfield code="a">v. :</subfield><subfield code="b">ill. ;</subfield><subfield code="c">43 cm.</subfield></datafield><datafield ind1=" " ind2=" " tag="300"><subfield code="a">Bimonthly.</subfield></datafield><datafield ind1=" " ind2=" " tag="500"><subfield code="a">Military base newspapers.</subfield></datafield><datafield ind1=" " ind2=" " tag="588"><subfield code="a">Description based on: Vol. 1, no. 14 (Jan. 29, 1944).</subfield></datafield><datafield ind1=" " ind2="0" tag="651"><subfield code="a">Fort Bragg (N.C.)</subfield><subfield code="v">Newspapers.</subfield></datafield><datafield ind1=" " ind2="7" tag="655"><subfield code="a">Newspapers.</subfield><subfield code="2">fast</subfield><subfield code="0">(OCoLC)fst01423814</subfield></datafield><datafield ind1=" " ind2="7" tag="651"><subfield code="a">North Carolina</subfield><subfield code="z">Fort Bragg.</subfield><subfield code="2">fast</subfield><subfield code="0">(OCoLC)fst01228963</subfield></datafield><datafield ind1=" " ind2=" " tag="752"><subfield code="a">United States</subfield><subfield code="b">North Carolina</subfield><subfield code="c">Cumberland</subfield><subfield code="d">Fort Bragg.</subfield></datafield></record>